%YAML 1.1
%TAG !u! tag:unity3d.com,2011:
--- !u!1 &2797742155538184734
GameObject:
  m_ObjectHideFlags: 0
  m_CorrespondingSourceObject: {fileID: 0}
  m_PrefabInstance: {fileID: 0}
  m_PrefabAsset: {fileID: 0}
  serializedVersion: 6
  m_Component:
  - component: {fileID: 2797742155538184733}
  - component: {fileID: 2797742155538184732}
  - component: {fileID: -1215230344550604258}
  - component: {fileID: -992222082976775117}
  - component: {fileID: 5843779880802145707}
  m_Layer: 0
  m_Name: StoneType1
  m_TagString: Fence
  m_Icon: {fileID: 0}
  m_NavMeshLayer: 0
  m_StaticEditorFlags: 0
  m_IsActive: 1
--- !u!4 &2797742155538184733
Transform:
  m_ObjectHideFlags: 0
  m_CorrespondingSourceObject: {fileID: 0}
  m_PrefabInstance: {fileID: 0}
  m_PrefabAsset: {fileID: 0}
  m_GameObject: {fileID: 2797742155538184734}
  m_LocalRotation: {x: 0, y: 0, z: 0, w: 1}
  m_LocalPosition: {x: 0, y: 0.3, z: 0}
  m_LocalScale: {x: 0.7, y: 0.7, z: 0.7}
  m_Children:
  - {fileID: 7181314391464350088}
  m_Father: {fileID: 0}
  m_RootOrder: 0
  m_LocalEulerAnglesHint: {x: 0, y: 0, z: 0}
--- !u!54 &2797742155538184732
Rigidbody:
  m_ObjectHideFlags: 0
  m_CorrespondingSourceObject: {fileID: 0}
  m_PrefabInstance: {fileID: 0}
  m_PrefabAsset: {fileID: 0}
  m_GameObject: {fileID: 2797742155538184734}
  serializedVersion: 2
  m_Mass: 1
  m_Drag: 0
  m_AngularDrag: 0.05
  m_UseGravity: 1
  m_IsKinematic: 1
  m_Interpolate: 0
  m_Constraints: 0
  m_CollisionDetection: 0
--- !u!114 &-1215230344550604258
MonoBehaviour:
  m_ObjectHideFlags: 0
  m_CorrespondingSourceObject: {fileID: 0}
  m_PrefabInstance: {fileID: 0}
  m_PrefabAsset: {fileID: 0}
  m_GameObject: {fileID: 2797742155538184734}
  m_Enabled: 1
  m_EditorHideFlags: 0
  m_Script: {fileID: 11500000, guid: 9a21542edbd745440a0e2abe73baa01c, type: 3}
  m_Name: 
  m_EditorClassIdentifier: 
--- !u!65 &-992222082976775117
BoxCollider:
  m_ObjectHideFlags: 0
  m_CorrespondingSourceObject: {fileID: 0}
  m_PrefabInstance: {fileID: 0}
  m_PrefabAsset: {fileID: 0}
  m_GameObject: {fileID: 2797742155538184734}
  m_Material: {fileID: 0}
  m_IsTrigger: 0
  m_Enabled: 1
  serializedVersion: 2
  m_Size: {x: 1, y: 10, z: 1}
  m_Center: {x: 0, y: 0, z: 0}
--- !u!114 &5843779880802145707
MonoBehaviour:
  m_ObjectHideFlags: 0
  m_CorrespondingSourceObject: {fileID: 0}
  m_PrefabInstance: {fileID: 0}
  m_PrefabAsset: {fileID: 0}
  m_GameObject: {fileID: 2797742155538184734}
  m_Enabled: 1
  m_EditorHideFlags: 0
  m_Script: {fileID: 11500000, guid: ca4e314d6d6c44a4fbb7a965ed7ec51e, type: 3}
  m_Name: 
  m_EditorClassIdentifier: 
--- !u!1001 &2797742154200103570
PrefabInstance:
  m_ObjectHideFlags: 0
  serializedVersion: 2
  m_Modification:
    m_TransformParent: {fileID: 2797742155538184733}
    m_Modifications:
    - target: {fileID: -4216859302048453862, guid: e6160adfb4658b047a918e8c462343ad,
        type: 3}
      propertyPath: m_LocalPosition.x
      value: -0
      objectReference: {fileID: 0}
    - target: {fileID: -4216859302048453862, guid: e6160adfb4658b047a918e8c462343ad,
        type: 3}
      propertyPath: m_LocalPosition.y
      value: 0
      objectReference: {fileID: 0}
    - target: {fileID: -4216859302048453862, guid: e6160adfb4658b047a918e8c462343ad,
        type: 3}
      propertyPath: m_LocalPosition.z
      value: 0
      objectReference: {fileID: 0}
    - target: {fileID: -4216859302048453862, guid: e6160adfb4658b047a918e8c462343ad,
        type: 3}
      propertyPath: m_LocalRotation.x
      value: 0
      objectReference: {fileID: 0}
    - target: {fileID: -4216859302048453862, guid: e6160adfb4658b047a918e8c462343ad,
        type: 3}
      propertyPath: m_LocalRotation.y
      value: -0
      objectReference: {fileID: 0}
    - target: {fileID: -4216859302048453862, guid: e6160adfb4658b047a918e8c462343ad,
        type: 3}
      propertyPath: m_LocalRotation.z
      value: -0
      objectReference: {fileID: 0}
    - target: {fileID: -4216859302048453862, guid: e6160adfb4658b047a918e8c462343ad,
        type: 3}
      propertyPath: m_LocalRotation.w
      value: 1
      objectReference: {fileID: 0}
    - target: {fileID: -4216859302048453862, guid: e6160adfb4658b047a918e8c462343ad,
        type: 3}
      propertyPath: m_RootOrder
      value: 0
      objectReference: {fileID: 0}
    - target: {fileID: -4216859302048453862, guid: e6160adfb4658b047a918e8c462343ad,
        type: 3}
      propertyPath: m_LocalEulerAnglesHint.x
      value: 0
      objectReference: {fileID: 0}
    - target: {fileID: -4216859302048453862, guid: e6160adfb4658b047a918e8c462343ad,
        type: 3}
      propertyPath: m_LocalEulerAnglesHint.y
      value: 0
      objectReference: {fileID: 0}
    - target: {fileID: -4216859302048453862, guid: e6160adfb4658b047a918e8c462343ad,
        type: 3}
      propertyPath: m_LocalEulerAnglesHint.z
      value: 0
      objectReference: {fileID: 0}
    - target: {fileID: -2397996973257786244, guid: e6160adfb4658b047a918e8c462343ad,
        type: 3}
      propertyPath: m_ReceiveShadows
      value: 0
      objectReference: {fileID: 0}
    - target: {fileID: -2397996973257786244, guid: e6160adfb4658b047a918e8c462343ad,
        type: 3}
      propertyPath: m_Materials.Array.data[0]
      value: 
      objectReference: {fileID: 2100000, guid: 1779e17c82b5c4349976f43e43fe042d, type: 2}
    - target: {fileID: -927199367670048503, guid: e6160adfb4658b047a918e8c462343ad,
        type: 3}
      propertyPath: m_Name
      value: StoneType1
      objectReference: {fileID: 0}
    - target: {fileID: -113181020801827196, guid: e6160adfb4658b047a918e8c462343ad,
        type: 3}
      propertyPath: m_ReceiveShadows
      value: 0
      objectReference: {fileID: 0}
    - target: {fileID: -113181020801827196, guid: e6160adfb4658b047a918e8c462343ad,
        type: 3}
      propertyPath: m_Materials.Array.data[0]
      value: 
      objectReference: {fileID: 2100000, guid: 1779e17c82b5c4349976f43e43fe042d, type: 2}
    - target: {fileID: 1066910053003865102, guid: e6160adfb4658b047a918e8c462343ad,
        type: 3}
      propertyPath: m_ReceiveShadows
      value: 0
      objectReference: {fileID: 0}
    - target: {fileID: 1066910053003865102, guid: e6160adfb4658b047a918e8c462343ad,
        type: 3}
      propertyPath: m_Materials.Array.data[0]
      value: 
      objectReference: {fileID: 2100000, guid: 1779e17c82b5c4349976f43e43fe042d, type: 2}
    m_RemovedComponents: []
  m_SourcePrefab: {fileID: 100100000, guid: e6160adfb4658b047a918e8c462343ad, type: 3}
--- !u!4 &7181314391464350088 stripped
Transform:
  m_CorrespondingSourceObject: {fileID: -4216859302048453862, guid: e6160adfb4658b047a918e8c462343ad,
    type: 3}
  m_PrefabInstance: {fileID: 2797742154200103570}
  m_PrefabAsset: {fileID: 0}
